@@ -0,0 +1,7 @@
@online{bitnodes, title={Global Bitcoin nodes distribution}, url={https://bitnodes.earn.com/}, journal={Bitnodes}, publisher={Earn.com}, author={Yeow, Addy}}
@book{bitcoin, title={Bitcoin: A Peer-to-Peer Electronic Cash System}, url={https://bitcoin.org/bitcoin.pdf#page=3}, journal={Bitcoin: A Peer-to-Peer Electronic Cash System}, institution={bitcoin.org}, author={Nakamoto, Satoshi}}
@online{ethereum_proof_of_stake, title={Proof of Stake FAQ}, url={https://github.com/ethereum/wiki/wiki/Proof-of-Stake-FAQ}, journal={erthereum/wiki}, publisher={GitHub}, author={vbuterin}, year={2018}, month={Mar}}
@online{potter_2017, title={Why Proof-of-Signature triumphs over PoW / PoS}, url={https://blog.xtrabytes.global/technology/proof-of-signature-triumphs}, journal={Xtrabytes Today}, publisher={MH Magazine}, author={Potter, John}, year={2017}, month={Oct}}
@online{digiconomist, title={Bitcoin Energy Consumption Index}, url={https://digiconomist.net/bitcoin-energy-consumption}, journal={Digiconomist}}
@online{statista, title={Average number of annual online transactions per capita in global regions in 2016}, url={https://www.statista.com/statistics/675156/ecommerce-orders-per-capita-per-year-region/}, journal={Statista}}
@online{smart_contract, title={Smart contract}, url={https://en.wikipedia.org/wiki/Smart_contract}, journal={Wikipedia}, publisher={Wikimedia Foundation}}